[gd_scene load_steps=6 format=3 uid="uid://c2h1bifmhtesf"]

[ext_resource type="Material" uid="uid://80l0jwpul640" path="res://Materials/Grass.tres" id="1_xhxdu"]
[ext_resource type="PackedScene" uid="uid://cn8ichburyvva" path="res://Scenes/Goal.tscn" id="5_56kgv"]

[sub_resource type="BoxMesh" id="BoxMesh_q68f2"]
material = ExtResource("1_xhxdu")
size = Vector3(40, 0.1, 40)

[sub_resource type="BoxShape3D" id="BoxShape3D_vm1pd"]
size = Vector3(40, 0.1, 40)

[sub_resource type="BoxMesh" id="BoxMesh_j7wgx"]
size = Vector3(40, 0.1, 40)

[node name="Room" type="Node3D"]

[node name="Floor" type="MeshInstance3D" parent="."]
mesh = SubResource("BoxMesh_q68f2")
skeleton = NodePath("../..")

[node name="StaticBody3D" type="StaticBody3D" parent="Floor"]

[node name="CollisionShape3D" type="CollisionShape3D" parent="Floor/StaticBody3D"]
shape = SubResource("BoxShape3D_vm1pd")

[node name="Ceil" type="MeshInstance3D" parent="."]
transform = Transform3D(1, 0, 0, 0, 1, 0, 0, 0, 1, 0, 20, 0)
mesh = SubResource("BoxMesh_j7wgx")
skeleton = NodePath("../..")

[node name="StaticBody3D" type="StaticBody3D" parent="Ceil" groups=["BounceSound"]]

[node name="CollisionShape3D" type="CollisionShape3D" parent="Ceil/StaticBody3D"]
shape = SubResource("BoxShape3D_vm1pd")

[node name="Wall" type="MeshInstance3D" parent="."]
transform = Transform3D(-4.37114e-08, 1, 0, -1, -4.37114e-08, 0, 0, 0, 1, -20, 10, 0)
mesh = SubResource("BoxMesh_j7wgx")
skeleton = NodePath("../..")

[node name="StaticBody3D" type="StaticBody3D" parent="Wall" groups=["BounceSound"]]

[node name="CollisionShape3D" type="CollisionShape3D" parent="Wall/StaticBody3D"]
shape = SubResource("BoxShape3D_vm1pd")

[node name="Wall2" type="MeshInstance3D" parent="."]
transform = Transform3D(-4.37114e-08, 1, 0, -1, -4.37114e-08, 0, 0, 0, 1, 20, 10, 0)
mesh = SubResource("BoxMesh_j7wgx")
skeleton = NodePath("../..")

[node name="StaticBody3D" type="StaticBody3D" parent="Wall2" groups=["BounceSound"]]

[node name="CollisionShape3D" type="CollisionShape3D" parent="Wall2/StaticBody3D"]
shape = SubResource("BoxShape3D_vm1pd")

[node name="Wall3" type="MeshInstance3D" parent="."]
transform = Transform3D(1.91069e-15, -4.37114e-08, 1, -1, -4.37114e-08, 0, 4.37114e-08, -1, -4.37114e-08, 0, 10, 10)
mesh = SubResource("BoxMesh_j7wgx")
skeleton = NodePath("../..")

[node name="StaticBody3D" type="StaticBody3D" parent="Wall3" groups=["BounceSound"]]

[node name="CollisionShape3D" type="CollisionShape3D" parent="Wall3/StaticBody3D"]
shape = SubResource("BoxShape3D_vm1pd")

[node name="Wall4" type="MeshInstance3D" parent="."]
transform = Transform3D(1.91069e-15, -4.37114e-08, 1, -1, -4.37114e-08, 0, 4.37114e-08, -1, -4.37114e-08, 0, 10, -10)
mesh = SubResource("BoxMesh_j7wgx")
skeleton = NodePath("../..")

[node name="StaticBody3D" type="StaticBody3D" parent="Wall4" groups=["BounceSound"]]

[node name="CollisionShape3D" type="CollisionShape3D" parent="Wall4/StaticBody3D"]
shape = SubResource("BoxShape3D_vm1pd")

[node name="Goals" type="Node3D" parent="."]

[node name="0" parent="Goals" instance=ExtResource("5_56kgv")]
transform = Transform3D(1, 0, 0, 0, 1, 0, 0, 0, 1, -20, 0, 0)

[node name="1" parent="Goals" instance=ExtResource("5_56kgv")]
transform = Transform3D(-1, 0, -8.74228e-08, 0, 1, 0, 8.74228e-08, 0, -1, 20, 0, 0)
team = 1

[node name="Lights" type="Node3D" parent="."]

[node name="0" type="SpotLight3D" parent="Lights"]
transform = Transform3D(1, 0, 0, 0, -4.37114e-08, 1, 0, -1, -4.37114e-08, 0, 20, 0)
light_energy = 20.0
shadow_enabled = true
spot_range = 30.0

[node name="1" type="SpotLight3D" parent="Lights"]
transform = Transform3D(1, 0, 0, 0, -4.37114e-08, 1, 0, -1, -4.37114e-08, 4, 20, 0)
light_energy = 20.0
shadow_enabled = true
spot_range = 30.0

[node name="-1" type="SpotLight3D" parent="Lights"]
transform = Transform3D(1, 0, 0, 0, -4.37114e-08, 1, 0, -1, -4.37114e-08, -4, 20, 0)
light_energy = 20.0
shadow_enabled = true
spot_range = 30.0

[node name="2" type="SpotLight3D" parent="Lights"]
transform = Transform3D(1, 0, 0, 0, -4.37114e-08, 1, 0, -1, -4.37114e-08, 8, 20, 0)
light_energy = 20.0
shadow_enabled = true
spot_range = 30.0

[node name="-2" type="SpotLight3D" parent="Lights"]
transform = Transform3D(1, 0, 0, 0, -4.37114e-08, 1, 0, -1, -4.37114e-08, -8, 20, 0)
light_energy = 20.0
shadow_enabled = true
spot_range = 30.0

[node name="3" type="SpotLight3D" parent="Lights"]
transform = Transform3D(1, 0, 0, 0, -4.37114e-08, 1, 0, -1, -4.37114e-08, 12, 20, 0)
light_energy = 20.0
shadow_enabled = true
spot_range = 30.0

[node name="-3" type="SpotLight3D" parent="Lights"]
transform = Transform3D(1, 0, 0, 0, -4.37114e-08, 1, 0, -1, -4.37114e-08, -12, 20, 0)
light_energy = 20.0
shadow_enabled = true
spot_range = 30.0

[node name="4" type="SpotLight3D" parent="Lights"]
transform = Transform3D(1, 0, 0, 0, -4.37114e-08, 1, 0, -1, -4.37114e-08, 16, 20, 0)
light_color = Color(1, 0, 0, 1)
light_energy = 20.0
shadow_enabled = true
spot_range = 30.0

[node name="-4" type="SpotLight3D" parent="Lights"]
transform = Transform3D(1, 0, 0, 0, -4.37114e-08, 1, 0, -1, -4.37114e-08, -16, 20, 0)
light_color = Color(0, 0, 1, 1)
light_energy = 20.0
shadow_enabled = true
spot_range = 30.0
