[gd_scene load_steps=3 format=3 uid="uid://cv736v4pohu00"]

[ext_resource type="Script" path="res://Scripts/Menus/KeybindsMenu.gd" id="1_w2ex4"]
[ext_resource type="FontVariation" uid="uid://byxclr0kmcdyq" path="res://Fonts/Title.tres" id="3_ouvh2"]

[node name="KeybindsMenu" type="Control"]
layout_mode = 3
anchors_preset = 15
anchor_right = 1.0
anchor_bottom = 1.0
grow_horizontal = 2
grow_vertical = 2
script = ExtResource("1_w2ex4")

[node name="CenterContainer" type="CenterContainer" parent="."]
layout_mode = 1
anchors_preset = 15
anchor_right = 1.0
anchor_bottom = 1.0
grow_horizontal = 2
grow_vertical = 2

[node name="HBoxContainer" type="VBoxContainer" parent="CenterContainer"]
layout_mode = 2
theme_override_constants/separation = 20
alignment = 1

[node name="Title" type="Label" parent="CenterContainer/HBoxContainer"]
layout_mode = 2
theme_override_colors/font_outline_color = Color(0, 0, 0, 1)
theme_override_constants/outline_size = 20
theme_override_fonts/font = ExtResource("3_ouvh2")
theme_override_font_sizes/font_size = 72
text = "TeleFootball"
horizontal_alignment = 1

[node name="ScrollContainer" type="ScrollContainer" parent="CenterContainer/HBoxContainer"]
custom_minimum_size = Vector2(0, 250)
layout_mode = 2

[node name="VBoxContainer" type="VBoxContainer" parent="CenterContainer/HBoxContainer/ScrollContainer"]
layout_mode = 2
size_flags_horizontal = 3
size_flags_vertical = 3
alignment = 1

[node name="Back" type="HBoxContainer" parent="CenterContainer/HBoxContainer"]
layout_mode = 2

[node name="Back" type="Button" parent="CenterContainer/HBoxContainer/Back"]
layout_mode = 2
theme_override_font_sizes/font_size = 36
text = "Back"

[node name="DefaultKeybinds" type="Button" parent="CenterContainer/HBoxContainer/Back"]
layout_mode = 2
size_flags_horizontal = 10
theme_override_font_sizes/font_size = 28
text = "Default Keybinds"

[connection signal="pressed" from="CenterContainer/HBoxContainer/Back/Back" to="." method="_on_back_pressed"]
[connection signal="pressed" from="CenterContainer/HBoxContainer/Back/DefaultKeybinds" to="." method="_on_default_keybinds_pressed"]
