[gd_scene load_steps=3 format=3 uid="uid://b1n4dkuricxnm"]

[ext_resource type="Script" path="res://Scripts/Menus/MultiplayerMenu.gd" id="1_npmps"]
[ext_resource type="FontVariation" uid="uid://byxclr0kmcdyq" path="res://Fonts/Title.tres" id="2_5gw7n"]

[node name="MultiplayerMenu" type="Control"]
layout_mode = 3
anchors_preset = 15
anchor_right = 1.0
anchor_bottom = 1.0
grow_horizontal = 2
grow_vertical = 2
script = ExtResource("1_npmps")

[node name="CenterContainer" type="CenterContainer" parent="."]
layout_mode = 1
anchors_preset = 15
anchor_right = 1.0
anchor_bottom = 1.0
grow_horizontal = 2
grow_vertical = 2

[node name="HBoxContainer" type="VBoxContainer" parent="CenterContainer"]
layout_mode = 2
theme_override_constants/separation = 20
alignment = 1

[node name="Title" type="Label" parent="CenterContainer/HBoxContainer"]
layout_mode = 2
theme_override_colors/font_outline_color = Color(0, 0, 0, 1)
theme_override_constants/outline_size = 20
theme_override_fonts/font = ExtResource("2_5gw7n")
theme_override_font_sizes/font_size = 72
text = "TeleFootball"
horizontal_alignment = 1

[node name="Username" type="HBoxContainer" parent="CenterContainer/HBoxContainer"]
layout_mode = 2
alignment = 1

[node name="Label" type="Label" parent="CenterContainer/HBoxContainer/Username"]
layout_mode = 2
theme_override_font_sizes/font_size = 28
text = "Username"

[node name="Username" type="LineEdit" parent="CenterContainer/HBoxContainer/Username"]
layout_mode = 2
size_flags_horizontal = 3
theme_override_constants/minimum_character_width = 10
theme_override_font_sizes/font_size = 28
placeholder_text = "Username"
max_length = 32

[node name="Inputs" type="HBoxContainer" parent="CenterContainer/HBoxContainer"]
layout_mode = 2
theme_override_constants/separation = 150

[node name="Joining" type="VBoxContainer" parent="CenterContainer/HBoxContainer/Inputs"]
layout_mode = 2
size_flags_horizontal = 3

[node name="Address" type="HBoxContainer" parent="CenterContainer/HBoxContainer/Inputs/Joining"]
layout_mode = 2
alignment = 1

[node name="Label" type="Label" parent="CenterContainer/HBoxContainer/Inputs/Joining/Address"]
layout_mode = 2
size_flags_horizontal = 3
theme_override_font_sizes/font_size = 28
text = "Address"

[node name="AddrJoin" type="LineEdit" parent="CenterContainer/HBoxContainer/Inputs/Joining/Address"]
layout_mode = 2
size_flags_horizontal = 3
theme_override_constants/minimum_character_width = 10
theme_override_font_sizes/font_size = 28
placeholder_text = "127.0.0.1"

[node name="Port" type="HBoxContainer" parent="CenterContainer/HBoxContainer/Inputs/Joining"]
layout_mode = 2
alignment = 1

[node name="Label" type="Label" parent="CenterContainer/HBoxContainer/Inputs/Joining/Port"]
layout_mode = 2
size_flags_horizontal = 3
theme_override_font_sizes/font_size = 28
text = "Port"

[node name="PortJoin" type="LineEdit" parent="CenterContainer/HBoxContainer/Inputs/Joining/Port"]
layout_mode = 2
size_flags_horizontal = 3
theme_override_constants/minimum_character_width = 10
theme_override_font_sizes/font_size = 28
placeholder_text = "2323"

[node name="Join" type="Button" parent="CenterContainer/HBoxContainer/Inputs/Joining"]
layout_mode = 2
theme_override_font_sizes/font_size = 36
text = "Join"

[node name="Hosting" type="VBoxContainer" parent="CenterContainer/HBoxContainer/Inputs"]
layout_mode = 2
size_flags_horizontal = 3

[node name="Address" type="HBoxContainer" parent="CenterContainer/HBoxContainer/Inputs/Hosting"]
layout_mode = 2
alignment = 1

[node name="Label" type="Label" parent="CenterContainer/HBoxContainer/Inputs/Hosting/Address"]
layout_mode = 2
size_flags_horizontal = 3
theme_override_font_sizes/font_size = 28
text = "Address"

[node name="AddrHost" type="LineEdit" parent="CenterContainer/HBoxContainer/Inputs/Hosting/Address"]
layout_mode = 2
size_flags_horizontal = 3
theme_override_constants/minimum_character_width = 10
theme_override_font_sizes/font_size = 28
text = "127.0.0.1"
placeholder_text = "127.0.0.1"
editable = false

[node name="Port" type="HBoxContainer" parent="CenterContainer/HBoxContainer/Inputs/Hosting"]
layout_mode = 2
alignment = 1

[node name="Label" type="Label" parent="CenterContainer/HBoxContainer/Inputs/Hosting/Port"]
layout_mode = 2
size_flags_horizontal = 3
theme_override_font_sizes/font_size = 28
text = "Port"

[node name="PortHost" type="LineEdit" parent="CenterContainer/HBoxContainer/Inputs/Hosting/Port"]
layout_mode = 2
size_flags_horizontal = 3
theme_override_constants/minimum_character_width = 10
theme_override_font_sizes/font_size = 28
placeholder_text = "2323"

[node name="Host" type="Button" parent="CenterContainer/HBoxContainer/Inputs/Hosting"]
layout_mode = 2
theme_override_font_sizes/font_size = 36
text = "Host"

[node name="Back" type="Button" parent="CenterContainer/HBoxContainer"]
layout_mode = 2
theme_override_font_sizes/font_size = 36
text = "Back"

[connection signal="text_changed" from="CenterContainer/HBoxContainer/Username/Username" to="." method="_on_username_text_changed"]
[connection signal="text_changed" from="CenterContainer/HBoxContainer/Inputs/Joining/Address/AddrJoin" to="." method="_on_addr_join_text_changed"]
[connection signal="text_changed" from="CenterContainer/HBoxContainer/Inputs/Joining/Port/PortJoin" to="." method="_on_port_join_text_changed"]
[connection signal="pressed" from="CenterContainer/HBoxContainer/Inputs/Joining/Join" to="." method="_on_join_pressed"]
[connection signal="text_changed" from="CenterContainer/HBoxContainer/Inputs/Hosting/Port/PortHost" to="." method="_on_port_host_text_changed"]
[connection signal="pressed" from="CenterContainer/HBoxContainer/Inputs/Hosting/Host" to="." method="_on_host_pressed"]
[connection signal="pressed" from="CenterContainer/HBoxContainer/Back" to="." method="_on_back_pressed"]
